<?xml version="1.0" encoding="UTF-8"?><record xmlns="http://www.loc.gov/MARC21/slim" xmlns:cinclude="http://apache.org/cocoon/include/1.0" xmlns:zs="http://www.loc.gov/zing/srw/">
  <leader>00365nz  a2200133n  4500</leader>
  <controlfield tag="001">n 2013073525</controlfield>
  <controlfield tag="003">DLC</controlfield>
  <controlfield tag="005">20131213190716.0</controlfield>
  <controlfield tag="008">131213n| azannaabn          |n aaa      </controlfield>
  <datafield tag="010" ind1=" " ind2=" ">
    <subfield code="a">n 2013073525</subfield>
  </datafield>
  <datafield tag="040" ind1=" " ind2=" ">
    <subfield code="a">DLC</subfield>
    <subfield code="b">eng</subfield>
    <subfield code="c">DLC</subfield>
    <subfield code="e">rda</subfield>
  </datafield>
  <datafield tag="100" ind1="1" ind2=" ">
    <subfield code="a">Ilp, Elmar,</subfield>
    <subfield code="d">1919-1950</subfield>
  </datafield>
  <datafield tag="670" ind1=" " ind2=" ">
    <subfield code="a">Elmar Ilp, 2011.</subfield>
  </datafield>
  <datafield tag="670" ind1=" " ind2=" ">
    <subfield code="a">LC database, Dec 13, 2013:</subfield>
    <subfield code="b">(subj. hdg.: Ilp, Elmar, 1919-1950)</subfield>
  </datafield>
</record>